<record><leader>00000cas a2200000 a 4500</leader><controlfield tag="001">12026238</controlfield><controlfield tag="008">850513d19301931ksuwr ne      0    0eng d</controlfield><datafield ind1=" " ind2=" " tag="010"><subfield code="a">sn 85030310 </subfield></datafield><datafield ind1=" " ind2=" " tag="040"><subfield code="a">KSH</subfield><subfield code="b">eng</subfield><subfield code="c">KSH</subfield><subfield code="d">NPT</subfield><subfield code="d">OCL</subfield><subfield code="d">OCLCQ</subfield></datafield><datafield ind1=" " ind2=" " tag="042"><subfield code="a">msc</subfield></datafield><datafield ind1="0" ind2="4" tag="245"><subfield code="a">The Osawatomie graphic and the Osawatomie news.</subfield></datafield><datafield ind1=" " ind2=" " tag="260"><subfield code="a">Osawatomie, Kan. :</subfield><subfield code="b">Osawatomie Pub. Co.,</subfield><subfield code="c">1930-1931.</subfield></datafield><datafield ind1=" " ind2=" " tag="300"><subfield code="a">2 v. :</subfield><subfield code="b">ill. ;</subfield><subfield code="c">59 cm.</subfield></datafield><datafield ind1=" " ind2=" " tag="310"><subfield code="a">Weekly</subfield></datafield><datafield ind1="0" ind2=" " tag="362"><subfield code="a">Vol. 43, no. 32 (Sept. 5, 1930)-v. 44, no. 25 (July 16, 1931).</subfield></datafield><datafield ind1=" " ind2=" " tag="515"><subfield code="a">Numbering is irregular.</subfield></datafield><datafield ind1=" " ind2=" " tag="752"><subfield code="a">United States</subfield><subfield code="b">Kansas</subfield><subfield code="c">Miami</subfield><subfield code="d">Osawatomie.</subfield></datafield><datafield ind1="0" ind2="4" tag="780"><subfield code="t">Osawatomie graphic (Osawatomie, Kan. : 1913)</subfield><subfield code="w">(DLC)sn 85030304</subfield></datafield><datafield ind1="0" ind2="4" tag="780"><subfield code="t">Osawatomie news (Osawatomie, Kan. : 1926)</subfield><subfield code="w">(DLC)sn 85030309</subfield></datafield><datafield ind1="0" ind2="0" tag="785"><subfield code="t">Osawatomie graphic-news</subfield><subfield code="w">(DLC)sn 82015085</subfield></datafield></record>